<?xml version="1.0"?>
<marc:collection xmlns:marc="http://www.loc.gov/MARC21/slim" xmlns:xsi="http://www.w3.org/2001/XMLSchema-instance" xsi:schemaLocation="http://www.loc.gov/MARC21/slim http://www.loc.gov/standards/marcxml/schema/MARC21slim.xsd">
   <marc:record type="Bibliographic">
      <marc:leader>01650cam a2200373 a 4500</marc:leader>
      <marc:controlfield tag="001">2701950</marc:controlfield>
      <marc:controlfield tag="003">NjP</marc:controlfield>
      <marc:controlfield tag="005">20140624102248.0</marc:controlfield>
      <marc:controlfield tag="008">000121s1932    mr            000 0 ara d</marc:controlfield>
      <marc:datafield tag="024" ind1="7" ind2=" ">
         <marc:subfield code="a">princeton_aco000143</marc:subfield>
         <marc:subfield code="2">local</marc:subfield>
      </marc:datafield>
      <marc:datafield tag="035" ind1=" " ind2=" ">
         <marc:subfield code="a">(OCoLC)ocn178305626</marc:subfield>
      </marc:datafield>
      <marc:datafield tag="040" ind1=" " ind2=" ">
         <marc:subfield code="a">NjP</marc:subfield>
         <marc:subfield code="c">PUL</marc:subfield>
         <marc:subfield code="d">PUL</marc:subfield>
      </marc:datafield>
      <marc:datafield tag="066" ind1=" " ind2=" ">
         <marc:subfield code="c">(3</marc:subfield>
      </marc:datafield>
      <marc:datafield tag="035" ind1=" " ind2=" ">
         <marc:subfield code="a">(OCoLC)178305626</marc:subfield>
      </marc:datafield>
      <marc:datafield tag="035" ind1=" " ind2=" ">
         <marc:subfield code="9">CMW5277TS</marc:subfield>
      </marc:datafield>
      <marc:datafield tag="035" ind1=" " ind2=" ">
         <marc:subfield code="a">(NjP)2701950</marc:subfield>
      </marc:datafield>
      <marc:datafield tag="079" ind1=" " ind2=" ">
         <marc:subfield code="a">ocm79717441</marc:subfield>
      </marc:datafield>
      <marc:datafield tag="049" ind1=" " ind2=" ">
         <marc:subfield code="a">PULL</marc:subfield>
      </marc:datafield>
      <marc:datafield tag="100" ind1="1" ind2=" ">
         <marc:subfield code="6">880-01</marc:subfield>
         <marc:subfield code="a">&#x2BB;Alami&#x304;, Mah&#x323;ammad bin Muh&#x323;ammad,</marc:subfield>
         <marc:subfield code="d">1875 or 1876-1953 or 1954.</marc:subfield>
      </marc:datafield>
      <marc:datafield tag="245" ind1="1" ind2="3">
         <marc:subfield code="6">880-02</marc:subfield>
         <marc:subfield code="a">al-Sira&#x304;j al-mawd&#x323;u&#x304;&#x2BB; &#x2BB;ala&#x301; al-&#x2BB;alam al-marfu&#x304;&#x2BB; /</marc:subfield>
         <marc:subfield code="c">kila&#x304;huma&#x304; lil-faqi&#x304;r Abi&#x304; &#x2BB;Abd Alla&#x304;h Mah&#x323;ammad bin Muh&#x323;ammad al-&#x2BB;Alami&#x304;. Wa-yali&#x304;hi Jadwal al-nisbah al-sitti&#x304;ni&#x304;yah.</marc:subfield>
      </marc:datafield>
      <marc:datafield tag="260" ind1=" " ind2=" ">
         <marc:subfield code="a">[Morocco? :</marc:subfield>
         <marc:subfield code="b">s.n.],</marc:subfield>
         <marc:subfield code="c">1350 [1932]</marc:subfield>
      </marc:datafield>
      <marc:datafield tag="300" ind1=" " ind2=" ">
         <marc:subfield code="a">55, 4, 37, 8 p. ;</marc:subfield>
         <marc:subfield code="c">24 cm.</marc:subfield>
      </marc:datafield>
      <marc:datafield tag="500" ind1=" " ind2=" ">
         <marc:subfield code="a">Cover title.</marc:subfield>
      </marc:datafield>
      <marc:datafield tag="500" ind1=" " ind2=" ">
         <marc:subfield code="a">Also includes Jadwal al-z&#x323;ill al-ithna&#x301; &#x2BB;ashri&#x304; al-mah&#x323;lu&#x304;l.</marc:subfield>
      </marc:datafield>
      <marc:datafield tag="655" ind1=" " ind2="7">
         <marc:subfield code="a">Lithographs</marc:subfield>
         <marc:subfield code="z">Morocco</marc:subfield>
         <marc:subfield code="y">1932</marc:subfield>
         <marc:subfield code="2">gmgpc</marc:subfield>
      </marc:datafield>
      <marc:datafield tag="730" ind1="0" ind2="2">
         <marc:subfield code="6">880-03</marc:subfield>
         <marc:subfield code="a">Jadwal al-nisbah al-sitti&#x304;ni&#x304;yah.</marc:subfield>
      </marc:datafield>
      <marc:datafield tag="730" ind1="0" ind2="2">
         <marc:subfield code="6">880-04</marc:subfield>
         <marc:subfield code="a">Jadwal al-z&#x323;ill al-ithna&#x301; &#x2BB;ashri&#x304; al-mah&#x323;lu&#x304;l.</marc:subfield>
      </marc:datafield>
      <marc:datafield tag="880" ind1="1" ind2=" ">
         <marc:subfield code="6">100-01/(3/r</marc:subfield>
         <marc:subfield code="a">&#x639;&#x644;&#x645;&#x64A;&#x60C; &#x645;&#x62D;&#x645;&#x62F; &#x628;&#x646; &#x645;&#x62D;&#x645;&#x62F;&#x60C;</marc:subfield>
         <marc:subfield code="d">1875 or 1876-1953 or 1954.</marc:subfield>
      </marc:datafield>
      <marc:datafield tag="880" ind1="1" ind2="2">
         <marc:subfield code="6">245-02/(3/r</marc:subfield>
         <marc:subfield code="a">&#x627;&#x644;&#x633;&#x631;&#x627;&#x62C; &#x627;&#x644;&#x645;&#x648;&#x636;&#x648;&#x639; &#x639;&#x644;&#x649; &#x627;&#x644;&#x639;&#x644;&#x645; &#x627;&#x644;&#x645;&#x631;&#x641;&#x648;&#x639; /</marc:subfield>
         <marc:subfield code="c">&#x643;&#x644;&#x627;&#x647;&#x645;&#x627; &#x644;&#x644;&#x641;&#x642;&#x64A;&#x631; &#x627;&#x628;&#x64A; &#x639;&#x628;&#x62F; &#x627;&#x644;&#x644;&#x647; &#x645;&#x62D;&#x645;&#x62F; &#x628;&#x646; &#x645;&#x62D;&#x645;&#x62F; &#x627;&#x644;&#x639;&#x644;&#x645;&#x64A;. &#x648;&#x64A;&#x644;&#x64A;&#x647; &#x62C;&#x62F;&#x648;&#x644; &#x627;&#x644;&#x646;&#x633;&#x628;&#x629; &#x627;&#x644;&#x633;&#x62A;&#x64A;&#x646;&#x64A;&#x629;.</marc:subfield>
      </marc:datafield>
      <marc:datafield tag="880" ind1="0" ind2="2">
         <marc:subfield code="6">730-03/(3/r</marc:subfield>
         <marc:subfield code="a">&#x62C;&#x62F;&#x648;&#x644; &#x627;&#x644;&#x646;&#x633;&#x628;&#x629; &#x627;&#x644;&#x633;&#x62A;&#x64A;&#x646;&#x64A;&#x629;.</marc:subfield>
      </marc:datafield>
      <marc:datafield tag="880" ind1="0" ind2="2">
         <marc:subfield code="6">730-04/(3/r</marc:subfield>
         <marc:subfield code="a">&#x62C;&#x62F;&#x648;&#x644; &#x627;&#x644;&#x638;&#x644; &#x627;&#x644;&#x627;&#x62B;&#x646;&#x649; &#x639;&#x634;&#x631;&#x64A; &#x627;&#x644;&#x645;&#x62D;&#x644;&#x648;&#x644;.</marc:subfield>
      </marc:datafield>
      <marc:datafield tag="948" ind1=" " ind2=" ">
         <marc:subfield code="a">jeb</marc:subfield>
      </marc:datafield>
      <marc:datafield tag="911" ind1=" " ind2=" ">
         <marc:subfield code="a">20000121</marc:subfield>
      </marc:datafield>
      <marc:datafield tag="912" ind1=" " ind2=" ">
         <marc:subfield code="a">20000121051418.0</marc:subfield>
      </marc:datafield>
      <marc:datafield tag="994" ind1=" " ind2=" ">
         <marc:subfield code="a">C0</marc:subfield>
         <marc:subfield code="b">PUL</marc:subfield>
      </marc:datafield>
      <marc:datafield tag="999" ind1=" " ind2=" ">
         <marc:subfield code="a">2701950</marc:subfield>
      </marc:datafield>
   </marc:record>
</marc:collection>
